
%%%%%%%%%%%%%%%%%%%%%%%%%%%%%%%%%%%%%%%%%%%%%%%%%%%%%%%%%%%%%%%%%%%%%%%%%%%%%%%%%%%%%%%%%%%%
%%%%%%%%%%%%%%%%%%%%%%%%%%%%%%%%%%%%%%%%%%%%%%%%%%%%%%%%%%%%%%%%%%%%%%%%%%%%%%%%%%%%%%%%%%%%
%%%%%%%%%%%%%%%%%%%%%%%%%%%%%%%%%%%%%%%%%%%%%%%%%%%%%%%%%%%%%%%%%%%%%%%%%%%%%%%%%%%%%%%%%%%%
%%%%%%%%%%%%%%%%%%%%%%%%%%%%%%%%%%%Nima's Publications%%%%%%%%%%%%%%%%%%%%%%%%%%%%%%%%%%%%%%
%%%%%%%%%%%%%%%%%%%%%%%%%%%%%%%%%%%%%%%%%%%%%%%%%%%%%%%%%%%%%%%%%%%%%%%%%%%%%%%%%%%%%%%%%%%%
%%%%%%%%%%%%%%%%%%%%%%%%%%%%%%%%%%%%%%%%%%%%%%%%%%%%%%%%%%%%%%%%%%%%%%%%%%%%%%%%%%%%%%%%%%%%
%%%%%%%%%%%%%%%%%%%%%%%%%%%%%%%%%%%%%%%%%%%%%%%%%%%%%%%%%%%%%%%%%%%%%%%%%%%%%%%%%%%%%%%%%%%%
@INPROCEEDINGS{Nima-globecom, 
author={\textbf{N. {Afraz}} and M. {Ruffini}}, 
booktitle={2019 IEEE Global Communications Conference (GLOBECOM)}, 
title={A Distributed Bilateral Resource Market Mechanism for Future Telecommunications Networks},
year={2019}, 
month={December}}


@incollection {Nima-telecom-sig,    
   author = {\textbf{N. {Afraz}} and Vinay Chaudhary and Sunay Zelawat and others},    
   title = {Optimizing Wholesale Intercarrier Settlement with Hyperledger Fabric Blockchain},    
   booktitle = {Solution Brief},    
   publisher = {Telecom Special Interest Group},    
   year = {2019}    
}

@article{Nima-5g-evol,
	title = {Evolution of Access Network Sharing and Its Role in 5G Networks},
	volume = {9},
	issn = {2076-3417},
	doi = {10.3390/app9214566},
	number = {21},
	urldate = {2019-12-18},
	journal = {Applied Sciences},
	author={\textbf{N. {Afraz}} and F. Slyne and H. Gill and M. {Ruffini}}, 
	month = {oct},
	year = {2019},
	pages = {4566}
}

@article{santos2018orchestration,  title={Orchestration next-generation services through end-to-end networks slicing},  author={Santos, Joao F and van de Belt, Jonathan and Liu, Wei and Kotzsch, Vincent and Fettweis, Gerhard and Seskar, Ivan and Pollin, Sofie and Moerman, Ingrid and DaSilva, Luiz A and Marquez-Barja, Johann},  year={2018} }

@inproceedings{santos2019towards, title={Towards Enabling RAN as a Service-The Extensible Virtualisation Layer},  author={Santos, Joao F and Kist, Maicon and van de Belt, Jonathan and Rochol, Juergen and DaSilva, Luiz A},  booktitle={ICC 2019-2019 IEEE International Conference on Communications (ICC)},  pages={1--6},  year={2019},  organization={IEEE} }

@inproceedings{Nima-osa,
author = {\textbf{N. {Afraz}} and Frank Slyne and Marco Ruffini},
booktitle = {OSA Advanced Photonics Congress (AP) 2019 (IPR, Networks, NOMA, SPPCom, PVLED)},
journal = {OSA Advanced Photonics Congress (AP) 2019 (IPR, Networks, NOMA, SPPCom, PVLED)},
keywords = {Algorithms; Field programmable gate arrays; Passive optical networks; Virtual reality},
pages = {NeT2D.2},
publisher = {Optical Society of America},
title = {Full PON Virtulisation Supporting Multi-Tenancy Beyond 5G},
year = {2019},
doi = {10.1364/NETWORKS.2019.NeT2D.2},
abstract = {In this paper, we introduce a virtualization technique to enable fully customizable resource sharing for Passive Optical Networks. We provide a summary of the concept, economic challenges and implementation.},
}

@unpublished{Nima-EUCNC-BC-Talk,
title= {Blockchain Technology and Smart Contracts in 5G and Beyond Networks [Tutorial Talk]
},
author = {H. Ahmadi and I. Macaluso and M. Ruffini and \textbf{N. {Afraz}}},
year = {2019},
note= {European Conferences on Networks and Communications (EUCNC)}
}

@ARTICLE{Nima-JLT1,
author={\textbf{N. {Afraz}} and M. {Ruffini}},
journal={Journal of Lightwave Technology},
title={A Sharing Platform for Multi-Tenant PONs},
year={2018},
volume={36},
number={23},
pages={5413-5423},
keywords={investment;passive optical networks;quality of service;resource allocation;virtual network operators;infrastructure provider;efficient resource allocation;economic robustness;multitenant passive optical networks;economic-robust sharing platform;efficient sharing platform;service providers;network utilization;resource efficiency;incentive compatibility;multitenant PON networks;inter-operator network sharing monetization;quality of service;latency requirements;nitial investment reduction;utility functions;double auction mechanism;excess resource trading;weak budget balance;market players;extensive market simulations;reference baseline mechanism;Resource management;Optical network units;Bandwidth;Cost accounting;Passive optical networks;Indium phosphide;III-V semiconductor materials;Auction;infrastructure sharing;network sharing;PON},
doi={10.1109/JLT.2018.2875188},
ISSN={1558-2213},
month={Dec},}

@INPROCEEDINGS{Nima-ACP,
author={\textbf{N. {Afraz}} and M. {Ruffini}},
booktitle={2018 Asia Communications and Photonics Conference (ACP)},
title={A Marketplace for Real-time Virtual PON Sharing},
year={2018},
volume={},
number={},
pages={1-3},
keywords={passive optical networks;double auction;excess capacity;passive optical network infrastructure;multiple network operators;real-time virtual PON sharing;marketplace;optical access capacity;Resource management;Passive optical networks;Bandwidth;Economics;Optical network units;Internet;Indium phosphide;Passive Optical Networks;Network sharing;Infrastructure sharing;Auction},
doi={10.1109/ACP.2018.8596221},
ISSN={null},
notes={Winner of Best Student Paper Award},
month={Oct},}


@INPROCEEDINGS{Nima-OFC18, 
author={\textbf{N. {Afraz}} and A. {Elrasad} and M. {Ruffini}}, 
booktitle={2018 Optical Fiber Communications Conference and Exposition (OFC)}, 
title={DBA Capacity Auctions to Enhance Resource Sharing across Virtual Network Operators in Multi-Tenant PONs}, 
year={2018}, 
volume={}, 
number={}, 
keywords={passive optical networks;resource allocation;virtualisation;resource sharing;DBA capacity auctions;economic sharing incentives;PON utilization;DBA process;multitenant PON's capacity;economic-robust auction mechanism;virtual network operators;Indium phosphide;III-V semiconductor materials;Economics;Passive optical networks;Resource management;Optical network units;Bandwidth}, 
doi={}, 
ISSN={}, 
month={March},}

@INPROCEEDINGS{Nima-PIMRC17,
author={\textbf{N. {Afraz}} and A. {Elrasad} and H. {Ahmadi} and M. {Ruffini}},
booktitle={2017 IEEE 28th Annual International Symposium on Personal, Indoor, and Mobile Radio Communications (PIMRC)},
title={Inter-operator dynamic capacity sharing for multi-tenant virtualized PON},
year={2017},
volume={},
number={},
pages={1-6},
keywords={electronic commerce;incentive schemes;passive optical networks;pricing;resource allocation;telecommunication computing;virtualisation;sharing ecosystem;network virtualization technologies;virtual operators;infrastructure provider;auction mechanism;network operators;market design;inter-operator dynamic capacity;operating expenditure savings;infrastructure customization;sharing mechanism;optical access networks;capital expenditure savings;resource efficiency;sealed-bid VCG auction;homogeneous multi-item goods;reserve price;multi-tenant virtualized PON;Indium phosphide;III-V semiconductor materials;Passive optical networks;Optical network units;Bandwidth;Cost accounting},
doi={10.1109/PIMRC.2017.8292715},
ISSN={2166-9589},
month={Oct},}


@patent{Nima-vDBA-patent,
	title = {System and {Method} for {Dynamic} {Bandwidth} {Assignment} (dba) {Virtualization} in a {Multi}-{Tenant} {Passive} {Optical} {Network}},
	abstract = {The invention provides a method and system for Dynamic Bandwidth Assignment (DBA) Virtualization in a Passive Optical Network, comprising an Optical Line Termination (OLT) point and a plurality of Optical Network Units (ONU) and a plurality of Virtual Network Units (VNO), wherein each VNO is configured with a virtual Dynamic Bandwidth Assignment module to schedule a bandwidth assignment independently of the other VNOs and using a merging engine to implement a detailed bandwidth scheduling allocation over the Passive Optical Network.},
	assignee = {THE PROVOST, FELLOWS, SCHOLARS AND OTHER MEMBERS OF BOARD OF TRINITY COLLEGE DUBLIN},
	number = {WO/2018/167318},
	urldate = {2019-12-19},
	author = {Ruffini, Marco and Elrasad, Amr and \textbf{N. {Afraz}}},
	month = sep,
	year = {2018},
	keywords = {System and Method for Dynamic Bandwidth Assignment (dba) Virtualization in a Multi-Tenant Passive Optical Network}
}

@INPROCEEDINGS{Nima-OFC17,
author={A. {Elrasad} and \textbf{N. {Afraz}} and M. {Ruffini}},
booktitle={2017 Optical Fiber Communications Conference and Exhibition (OFC)},
title={Virtual dynamic bandwidth allocation enabling true PON multi-tenancy},
year={2017},
volume={},
number={},
pages={1-3},
keywords={optical communication equipment;optical fibre networks;passive optical networks;virtual dynamic bandwidth allocation;true PON multitenancy;virtual-DBA architecture;virtual network operators;capacity assignment algorithms},
doi={},
ISSN={null},
month={March},}




%%%%%%%%%%%%%%%%%%%%%%%%%%%%%%%%%%%%%%%%%%%%%%%%%%%%%%%%%%%%%%%%%%%%%%%%%%%%%%%%%%%%%%%%%%%%
%%%%%%%%%%%%%%%%%%%%%%%%%%%%%%%%%%%%%%%%%%%%%%%%%%%%%%%%%%%%%%%%%%%%%%%%%%%%%%%%%%%%%%%%%%%%
%%%%%%%%%%%%%%%%%%%%%%%%%%%%%%%%%%%%%%%%%%%%%%%%%%%%%%%%%%%%%%%%%%%%%%%%%%%%%%%%%%%%%%%%%%%%
%%%%%%%%%%%%%%%%%%%%%%%%%%%%%%%%%%%Nima's Publications%%%%%%%%%%%%%%%%%%%%%%%%%%%%%%%%%%%%%%
%%%%%%%%%%%%%%%%%%%%%%%%%%%%%%%%%%%%%%%%%%%%%%%%%%%%%%%%%%%%%%%%%%%%%%%%%%%%%%%%%%%%%%%%%%%%
%%%%%%%%%%%%%%%%%%%%%%%%%%%%%%%%%%%%%%%%%%%%%%%%%%%%%%%%%%%%%%%%%%%%%%%%%%%%%%%%%%%%%%%%%%%%
%%%%%%%%%%%%%%%%%%%%%%%%%%%%%%%%%%%%%%%%%%%%%%%%%%%%%%%%%%%%%%%%%%%%%%%%%%%%%%%%%%%%%%%%%%%%

